%% This BibTeX bibliography file was created using BibDesk.
%% http://bibdesk.sourceforge.net/


%% Created for Julian Surber at 2015-12-16 14:52:57 +0100 


%% Saved with string encoding Unicode (UTF-8) 



@inproceedings{leutenegger2013keyframe,
	Author = {Leutenegger, Stefan and Furgale, Paul Timothy and Rabaud, Vincent and Chli, Margarita and Konolige, Kurt and Siegwart, Roland},
	Booktitle = {Robotics: Science and Systems},
	Title = {Keyframe-Based Visual-Inertial SLAM using Nonlinear Optimization.},
	Year = {2013}}

@article{leutenegger2015keyframe,
	Author = {Leutenegger, Stefan and Lynen, Simon and Bosse, Michael and Siegwart, Roland and Furgale, Paul},
	Journal = {The International Journal of Robotics Research},
	Number = {3},
	Pages = {314--334},
	Publisher = {SAGE Publications},
	Title = {Keyframe-based visual--inertial odometry using nonlinear optimization},
	Volume = {34},
	Year = {2015}}

@article{bloeschrobust,
	Author = {Bloesch, Michael and Omari, Sammy and Hutter, Marco and Siegwart, Roland},
	Title = {Robust Visual Inertial Odometry Using a Direct EKF-Based Approach}}

@article{davison2007monoslam,
	Author = {Davison, Andrew J and Reid, Ian D and Molton, Nicholas D and Stasse, Olivier},
	Journal = {Pattern Analysis and Machine Intelligence, IEEE Transactions on},
	Number = {6},
	Pages = {1052--1067},
	Publisher = {IEEE},
	Title = {MonoSLAM: Real-time single camera SLAM},
	Volume = {29},
	Year = {2007}}

@inproceedings{klein2007parallel,
	Author = {Klein, Georg and Murray, David},
	Booktitle = {Mixed and Augmented Reality, 2007. ISMAR 2007. 6th IEEE and ACM International Symposium on},
	Organization = {IEEE},
	Pages = {225--234},
	Title = {Parallel tracking and mapping for small AR workspaces},
	Year = {2007}}

@inproceedings{forster2014svo,
	Author = {Forster, Christian and Pizzoli, Matia and Scaramuzza, Davide},
	Booktitle = {Robotics and Automation (ICRA), 2014 IEEE International Conference on},
	Organization = {IEEE},
	Pages = {15--22},
	Title = {SVO: Fast semi-direct monocular visual odometry},
	Year = {2014}}

@incollection{engel2014lsd,
	Author = {Engel, Jakob and Sch{\"o}ps, Thomas and Cremers, Daniel},
	Booktitle = {Computer Vision--ECCV 2014},
	Pages = {834--849},
	Publisher = {Springer},
	Title = {LSD-SLAM: Large-scale direct monocular SLAM},
	Year = {2014}}

@inproceedings{mourikis2007multi,
	Author = {Mourikis, Anastasios and Roumeliotis, Stergios and others},
	Booktitle = {Robotics and Automation, 2007 IEEE International Conference on},
	Organization = {IEEE},
	Pages = {3565--3572},
	Title = {A multi-state constraint Kalman filter for vision-aided inertial navigation},
	Year = {2007}}

@article{neunert2015open,
	Author = {Neunert, Michael and Bl{\"o}sch, Michael and Buchli, Jonas},
	Journal = {arXiv preprint arXiv:1507.02081},
	Title = {An Open Source, Fiducial Based, Visual-Inertial State Estimation System},
	Year = {2015}}

@inproceedings{weiss2012real,
	Author = {Weiss, Stephan and Achtelik, Markus W and Lynen, Simon and Chli, Margarita and Siegwart, Roland},
	Booktitle = {Robotics and Automation (ICRA), 2012 IEEE International Conference on},
	Organization = {IEEE},
	Pages = {957--964},
	Title = {Real-time onboard visual-inertial state estimation and self-calibration of MAVs in unknown environments},
	Year = {2012}}

@inproceedings{forster2015imu,
	Author = {Forster, Christian and Carlone, Luca and Dellaert, Frank and Scaramuzza, Davide},
	Booktitle = {Robotics: Science and Systems (RSS)},
	Title = {IMU Preintegration on Manifold for Efficient Visual-Inertial Maximum-a-Posteriori Estimation},
	Year = {2015}}

@inproceedings{strasdat2010real,
  title={Real-time monocular slam: Why filter?},
  author={Strasdat, Hauke and Montiel, JMM and Davison, Andrew J},
  booktitle={Robotics and Automation (ICRA), 2010 IEEE International Conference on},
  pages={2657--2664},
  year={2010},
  organization={IEEE}}

@incollection{rosten2006machine,
  title={Machine learning for high-speed corner detection},
  author={Rosten, Edward and Drummond, Tom},
  booktitle={Computer Vision--ECCV 2006},
  pages={430--443},
  year={2006},
  publisher={Springer}}

@inproceedings{harris1988combined,
  title={A combined corner and edge detector.},
  author={Harris, Chris and Stephens, Mike},
  booktitle={Alvey vision conference},
  volume={15},
  pages={50},
  year={1988},
  organization={Citeseer}}

@inproceedings{leutenegger2011brisk,
  title={BRISK: Binary robust invariant scalable keypoints},
  author={Leutenegger, Stefan and Chli, Margarita and Siegwart, Roland Y},
  booktitle={Computer Vision (ICCV), 2011 IEEE International Conference on},
  pages={2548--2555},
  year={2011},
  organization={IEEE}}

@article{diebel2006representing,
  title={Representing attitude: Euler angles, unit quaternions, and rotation vectors},
  author={Diebel, James},
  journal={Matrix},
  volume={58},
  pages={15--16},
  year={2006}}

@inproceedings{nikolic2014synchronized,
  title={A synchronized visual-inertial sensor system with FPGA pre-processing for accurate real-time SLAM},
  author={Nikolic, Janosch and Rehder, Joern and Burri, Michael and Gohl, Pascal and Leutenegger, Stefan and Furgale, Paul T and Siegwart, Roland},
  booktitle={Robotics and Automation (ICRA), 2014 IEEE International Conference on},
  pages={431--437},
  year={2014},
  organization={IEEE}}

@misc{burri2015euroc,
  title={The EuRoC MAV datasets, http://projects.asl.ethz.ch/datasets/doku.php?id=kmavvisualinertialdatasets},
  author={Burri, Michael and Siegwart, Roland}}
